@inproceedings{Carvalho12,
	author = {Carvalho, Bruno M. and Souza, Tiago S. and GarduÑo, Edgar},
	title = {Texture Fuzzy Segmentation Using Adaptive Affinity Functions},
	year = {2012},
	isbn = {9781450308571},
	url = {https://doi.org/10.1145/2245276.2245288},
	doi = {10.1145/2245276.2245288},
	booktitle = {Proc. ACM Symp. Appl. Comp.},
	pages = {51–53},
	numpages = {3},
	keywords = {SAR images, fuzzy segmentation, texture segmentation, adaptive fuzzy affinity functions, brodatz textures},
	location = {Trento, Italy}
}

@book{Knuth1984,
	author = {Knuth, Donald E.},
	title = {The {TeXbook}},
	year = {1984},
	isbn = {978-0201134483},
	publisher = {Addison-Wesley Professional},
	address = {USA}
}

@book{Talbot2012,
author = {Nicola L C Talbot},
title = {\LaTeX{} for Complete Novices},
year = {2012},
publisher = {Dickimaw Books}
}

@book{Kottwitz2015,
	author = {Stefan Kottwitz},
	title = {\LaTeX{} Cookbook},
	year = {2015},
	publisher = {Packt Publishing},
	isbn={978-1784395148}
}

@book{Voss2011,
	author = {Herbert Voss},
	title = {Typesetting Tables with \LaTeX{}},
	year = {2011},
	publisher = {UIT Cambridge Ltd.},
	isbn={978-1906860257}
}

@book{Lamport1994,
	author = {Lamport, Leslie},
	title = {LATEX (2nd Ed.): A Document Preparation System: User's Guide and Reference Manual},
	year = {1994},
	isbn = {0201529831},
	publisher = {Addison-Wesley Longman Publishing Co., Inc.},
	address = {USA}
}

@book{Mittelbach1999,
	author = {Mittelbach, Frank and Goossens, Michel and Braams, Johannes and Carlisle, David and Rowley, Chris},
	title = {The LaTeX Companion (Tools and Techniques for Computer Typesetting)},
	year = {1999},
	isbn = {0201362996},
	publisher = {Addison-Wesley Longman Publishing Co., Inc.},
	address = {USA},
}

@book{Goosens2007,
	author = {Goossens, Michel and Mittelbach, Frank and Rahtz, Sebastian and Roegel, Denis and Voss, Herbert},
	title = {LaTeX Graphics Companion, The (2nd Edition) (Tools and Techniques for Computer Typesetting)},
	year = {2007},
	isbn = {0321508920},
	publisher = {Addison-Wesley Professional}
}

@book{Kopka2003,
	author = {Kopka, Helmut and Daly, Patrick W.},
	title = {A Guide to LATEX},
	year = {2003},
	isbn = {0321173856},
	publisher = {Addison-Wesley Longman Publishing Co., Inc.},
	address = {USA},
	edition = {4}
}

@mastersthesis{Barbosa2020,
author = {Fellipe M. C. Barbosa},
title = {Medição Precisa de Áreas de Feridas Crônicas Usando \textit{Structure From Motion}},
school = {Universidade Federal do Rio Grande do Norte},
year = {2020}
}

@mastersthesis{Marques2018,
	title={Ulcer Segmentation and Tissue Classification Using Color Texture Clustering},
	author={Marques, Vitor Godeiro},
	note={Monografia (Bacharelado em Ciência da Computação)}, school = {Universidade Federal do Rio Grande do Norte},
	year={2018},
}

@manual{adjustbox,
	title        = {The adjustbox Package},
	author       = {Martin Scharrer},
	organization = {CTAN - The Comprehensive TeX Archive Network},
	address      = {Alemanha},
	year         = {2020},
	howpublished = {Disponível em \url{}}
}

@manual{algorithm2e,
	title        = {algorithm2e.sty — package for algorithms},
	author       = {Christophe Fiorio},
	organization = {CTAN - The Comprehensive TeX Archive Network},
	address      = {Alemanha},
	year         = {2017},
	howpublished = {Disponível em \url{http://mirrors.ctan.org/macros/latex/contrib/algorithm2e/doc/algorithm2e.pdf}}
}

@manual{amsmath,
	title        = {User’s Guide for the amsmath Package},
	author       = {American Mathematical Society},
	organization = {CTAN - The Comprehensive TeX Archive Network},
	address      = {Alemanha},
	year         = {2020},
	howpublished = {Disponível em \url{http://mirrors.ctan.org/macros/latex/required/amsmath/amsldoc.pdf}}
}

@manual{amsfonts,
	title        = {The amsfonts package},
	author       = {American Mathematical Society},
	organization = {CTAN - The Comprehensive TeX Archive Network},
	address      = {Alemanha},
	year         = {2013},
	howpublished = {Disponível em \url{http://mirrors.ctan.org/fonts/amsfonts/doc/amsfonts.pdf}}
}

@manual{animate,
title        = {The animate Package},
author       = {Alexander Grahn},
organization = {CTAN - The Comprehensive TeX Archive Network},
address      = {Alemanha},
year         = {2020},
howpublished = {Disponível em \url{http://mirrors.ctan.org/macros/latex/contrib/animate/animate.pdf}}
}

@manual{appendix,
	title        = {The appendix Package},
	author       = {Peter Wilson and Herries Press and Will Robertson},
	organization = {CTAN - The Comprehensive TeX Archive Network},
	address      = {Alemanha},
	year         = {2020},
	howpublished = {Disponível em \url{https://ctan.dcc.uchile.cl/macros/latex/contrib/appendix/appendix.pdf}}
}

@manual{asymptote,
title        = {Asymptote: the Vector Graphics
Language},
author       = {Andy Hammerlindl and John Bowman and Tom Prince},
organization = {CTAN - The Comprehensive TeX Archive Network},
address      = {Alemanha},
year         = {2020},
howpublished = {Disponível em \url{http://mirrors.ctan.org/graphics/asymptote/doc/asymptote.pdf}}
}

@manual{asymptoterefcard,
	title        = {Asymptote: the Vector Graphics
	Language},
	author       = {Andy Hammerlindl and John Bowman and Tom Prince},
	organization = {CTAN - The Comprehensive TeX Archive Network},
	address      = {Alemanha},
	year         = {2020},
	howpublished = {Disponível em \url{http://mirrors.ctan.org/graphics/asymptote/doc/asyRefCard.pdf}}
}

@manual{asymptotetut,
title        = {An Asymptote tutorial},
author       = {Staats III, Charles},
organization = {CTAN - The Comprehensive TeX Archive Network},
address      = {Alemanha},
year         = {2021},
howpublished = {Disponível em \url{https://asymptote.sourceforge.io/asymptote_tutorial.pdf}}
}

@manual{babel,
	title        = {Babel: Localization and internationalization},
	author       = {Johannes L. Braams, Javier Bezos},
	organization = {CTAN - The Comprehensive TeX Archive Network},
	address      = {Alemanha},
	year         = {2021},
	howpublished = {Disponível em \url{http://mirrors.ctan.org/macros/latex/required/babel/base/babel.pdf}}
}

@manual{babel-portuges,
	title        = {Babel: The Portuguese language},
	author       = {Johannes L. Braams, Javier Bezos},
	organization = {CTAN - The Comprehensive TeX Archive Network},
	address      = {Alemanha},
	year         = {2020},
	howpublished = {Disponível em \url{http://mirrors.ctan.org/macros/latex/contrib/babel-contrib/portuges/portuges.pdf}}
}

@manual{backref,
	title        = {Back referencing from bibliographical citations},
	author       = {David Carlisle and Sebastian Rahtz},
	organization = {CTAN - The Comprehensive TeX Archive Network},
	address      = {Alemanha},
	year         = {2021},
	howpublished = {Disponível em \url{http://mirrors.ctan.org/macros/latex/contrib/hyperref/doc/backref.pdf}}
}

@manual{bclogo,
	title        = {bclogo: Extension \LaTeX{} pour la réalisation de boîtes colorées avec logos},
	author       = {Patrick F. Radin and	Maxime C. Hupin},
	organization = {CTAN - The Comprehensive TeX Archive Network},
	address      = {Alemanha},
	year         = {2016},
	howpublished = {Disponível em \url{http://mirrors.ctan.org/graphics/bclogo/doc/bclogo-doc.pdf}}
}

@manual{bib2gls,
	title        = {bib2gls: a command line Java application to convert .bib files to glossaries-extra.sty resource files},
	author       = {Nicola Talbot},
	organization = {CTAN - The Comprehensive TeX Archive Network},
	address      = {Alemanha},
	year         = {2020},
	howpublished = {Disponível em \url{http://mirrors.ctan.org/support/bib2gls/bib2gls.pdf}}
}

@manual{bib2gls-intro,
	title        = {glossaries-extra and bib2gls: An Introductory Guide},
	author       = {Nicola Talbot},
	organization = {CTAN - The Comprehensive TeX Archive Network},
	address      = {Alemanha},
	year         = {2020},
	howpublished = {Disponível em \url{http://mirrors.ctan.org/support/bib2gls/bib2gls-begin.pdf}}
}

@manual{biber,
	title        = {biber: A backend bibliography processor for biblatex},
	author       = {Philip Kime, François Charette},
	organization = {CTAN - The Comprehensive TeX Archive Network},
	address      = {Alemanha},
	year         = {2020},
	howpublished = {Disponível em \url{http://mirrors.ctan.org/biblio/biber/documentation/biber.pdf}}
}

@manual{biblatex,
	title        = {The biblatex Package: Programmable Bibliographies and Citations},
	author       = {Philip Kime and Moritz Wemheuer and Philipp Lehman},
	organization = {CTAN - The Comprehensive TeX Archive Network},
	address      = {Alemanha},
	year         = {2020},
	howpublished = {Disponível em \url{http://mirrors.ctan.org/biblio/biber/documentation/biber.pdf}}
}

@manual{bibtex,
	title        = {\BibTeX{}ing},
	author       = {Oren Patashnik},
	organization = {CTAN - The Comprehensive TeX Archive Network},
	address      = {Alemanha},
	year         = {1988},
	howpublished = {Disponível em \url{http://mirrors.ctan.org/biblio/bibtex/base/btxdoc.pdf}}
}

@manual{booktabs,
	title        = {Publication quality tables in \LaTeX{}},
	author       = {Simon Fear},
	organization = {CTAN - The Comprehensive TeX Archive Network},
	address      = {Alemanha},
	year         = {2020},
	howpublished = {Disponível em \url{http://mirrors.ctan.org/macros/latex/contrib/booktabs/booktabs.pdf}}
}

@manual{bussproofs,
	title        = {\LaTeX{} for Logicians. bussproofs.sty: A User Guide},
	author       = {Sam Buss},
	organization = {CTAN - The Comprehensive TeX Archive Network},
	address      = {Alemanha},
	year         = {2011},
	howpublished = {Disponível em \url{http://mirrors.ctan.org/macros/latex/contrib/bussproofs/BussGuide2.pdf}}
}

@manual{changes,
	title        = {The changes-package: Manual change markup — version 3.2.2},
	author       = {Ekkart Kleinod},
	organization = {CTAN - The Comprehensive TeX Archive Network},
	address      = {Alemanha},
	year         = {2020},
	howpublished = {Disponível em \url{http://mirrors.ctan.org/macros/latex/contrib/changes/changes.english.pdf}}
}


@manual{circus,
	title        = {Circus-L A TEX style explained},
	author       = {Leo Freitas},
	organization = {University of York},
	address      = {Inglaterra},
	year         = {2008},
	howpublished = {Disponível em \url{http://czt.sourceforge.net/latex/circus/circus-guide.pdf}}
}

@manual{cleveref,
	title        = {The cleveref package},
	author       = {Toby Cubitt},
	organization = {CTAN - The Comprehensive TeX Archive Network},
	address      = {Alemanha},
	year         = {2018},
	howpublished = {Disponível em \url{http://mirrors.ctan.org/macros/latex/contrib/cleveref/cleveref.pdf}}
}

@manual{csp,
	title        = {Setting real-time CSP},
	author       = {Jim Davies},
	organization = {CTAN - The Comprehensive TeX Archive Network},
	address      = {Alemanha},
	year         = {2020},
	howpublished = {Disponível em \url{http://mirrors.ctan.org/macros/latex/contrib/zed-csp/csp2e.pdf}}
}

@manual{enumitem,
	title        = {Customizing lists with the enumitem package},
	author       = {Javier Bezos},
	organization = {CTAN - The Comprehensive TeX Archive Network},
	address      = {Alemanha},
	year         = {2019},
	howpublished = {Disponível em \url{http://mirrors.ctan.org/macros/latex/contrib/enumitem/enumitem.pdf}}
}

@manual{esvect,
	title        = {Typesetting vectors with beautiful arrow with
\LaTeXe},
	author       = {Eddie Saudrais},
	organization = {CTAN - The Comprehensive TeX Archive Network},
	address      = {Alemanha},
	year         = {2013},
	howpublished = {Disponível em \url{}}
}

@manual{float,
	title        = {An Improved Environment for Floats},
	author       = {Anselm Lingnau},
	organization = {CTAN - The Comprehensive TeX Archive Network},
	address      = {Alemanha},
	year         = {2001},
	howpublished = {Disponível em \url{http://mirrors.ctan.org/macros/latex/contrib/float/float.pdf}}
}

@manual{fontawesome,
	title        = {The fontawesome package: High quality web icons},
	author       = {Xavier Danaux and Dave Gandy},
	organization = {CTAN - The Comprehensive TeX Archive Network},
	address      = {Alemanha},
	year         = {2016},
	howpublished = {Disponível em \url{http://mirrors.ctan.org/fonts/fontawesome/doc/fontawesome.pdf}}
}

@manual{glossaries,
	title        = {User Manual for glossaries.sty v4.46},
	author       = {Nicola L.C. Talbot},
	organization = {Dickimaw Books},
	address      = {Inglaterra},
	year         = {2020},
	howpublished = {Disponível em \url{http://mirrors.ctan.org/macros/latex/contrib/glossaries/glossaries-user.pdf}}
}

@manual{glossaries-extra,
	title        = {glossaries-extra.sty v1.45: an extension to the glossaries package},
	author       = {Nicola L.C. Talbot},
	organization = {Dickimaw Books},
	address      = {Inglaterra},
	year         = {2020},
	howpublished = {Disponível em \url{http://mirrors.ctan.org/macros/latex/contrib/glossaries-extra/glossaries-extra-manual.pdf}}
}

@manual{glossaries-user,
	title        = {The glossaries package v4.46: a guide for
	beginners},
	author       = {Nicola L.C. Talbot},
	organization = {Dickimaw Books},
	address      = {Inglaterra},
	year         = {2020},
	howpublished = {Disponível em \url{}}
}

@manual{graphics,
	title        = {The graphics package},
	author       = {D. P. Carlisle
and S. P. Q. Rahtz},
	organization = {CTAN - The Comprehensive TeX Archive Network},
	address      = {Alemanha},
	year         = {2020},
	howpublished = {Disponível em \url{http://mirrors.ctan.org/macros/latex/required/graphics/graphics.pdf}}
}

@manual{graphicsguide,
	title        = {Packages in the ‘graphics’ bundle},
	author       = {D. P. Carlisle},
	organization = {CTAN - The Comprehensive TeX Archive Network},
	address      = {Alemanha},
	year         = {2020},
	howpublished = {Disponível em \url{http://mirrors.ctan.org/macros/latex/required/graphics/grfguide.pdf}}
}

@manual{hyperref,
	title        = {Hypertext marks in \LaTeX{}: a manual for hyperref},
	author       = {Sebastian Rahtz and Heiko Oberdiek},
	organization = {CTAN - The Comprehensive TeX Archive Network},
	address      = {Alemanha},
	year         = {2021},
	howpublished = {Disponível em \url{http://mirrors.ctan.org/macros/latex/contrib/hyperref/doc/hyperref-doc.pdf}}
}

@manual{imakeidx,
	title        = {The package imakeidx},
	author       = {Enrico Gregorio},
	organization = {CTAN - The Comprehensive TeX Archive Network},
	address      = {Alemanha},
	year         = {2016},
	howpublished = {Disponível em \url{http://mirrors.ctan.org/macros/latex/contrib/imakeidx/imakeidx.pdf}}
}

@manual{indentfirst,
	title        = {The indentfirst package},
	author       = {D. P. Carlisle},
	organization = {CTAN - The Comprehensive TeX Archive Network},
	address      = {Alemanha},
	year         = {1995},
	howpublished = {Disponível em \url{http://mirrors.ctan.org/macros/latex/required/tools/indentfirst.pdf}}
}

@manual{inputenc,
	title        = {inputenc.sty},
	author       = {Alan Jeffrey
and Frank Mittelbach},
	organization = {CTAN - The Comprehensive TeX Archive Network},
	address      = {Alemanha},
	year         = {2020},
	howpublished = {Disponível em \url{http://mirrors.ctan.org/macros/latex/base/inputenc.pdf}}
}

@manual{koma,
	title        = {KOMA - Script: a versatile \LaTeXe bundle},
	author       = {Markus Kohm},
	organization = {CTAN - The Comprehensive TeX Archive Network},
	address      = {Alemanha},
	year         = {2020},
	howpublished = {Disponível em \url{}}
}

@manual{lplfitch,
	title        = {The lplfitch package},
	author       = {John Etchemendy and Dave Barker-Plummer and Richard Zach},
	organization = {CTAN - The Comprehensive TeX Archive Network},
	address      = {Alemanha},
	year         = {2013},
	howpublished = {Disponível em \url{http://mirrors.ctan.org/macros/latex/contrib/lplfitch/lplfitch.pdf}}
}

@manual{makeindex,
	title        = {MakeIndex: An Index Processor For \LaTeX{}},
	author       = {Leslie Lamport},
	organization = {CTAN - The Comprehensive TeX Archive Network},
	address      = {Alemanha},
	year         = {1987},
	howpublished = {Disponível em \url{http://mirrors.ctan.org/indexing/makeindex/doc/makeindex.pdf}}
}

@manual{makeindex-howto,
	title        = {Index Preparation and Processing},
	author       = {Pehong Chen and Michael A. Harrison},
	organization = {CTAN - The Comprehensive TeX Archive Network},
	address      = {Alemanha},
	year         = {1988},
	howpublished = {Disponível em \url{http://mirrors.ctan.org/indexing/makeindex/paper/ind.pdf}}
}

@manual{mathtools,
	title        = {The mathtools package},
	author       = {Morten Høgholm, Lars Madsen},
	organization = {CTAN - The Comprehensive TeX Archive Network},
	address      = {Alemanha},
	year         = {2021},
	howpublished = {Disponível em \url{http://mirrors.ctan.org/macros/latex/contrib/mathtools/mathtools.pdf}}
}

@manual{microtype,
	title        = {The microtype package: Subliminal refinements towards typographical perfection},
	author       = {R. Schlicht},
	organization = {CTAN - The Comprehensive TeX Archive Network},
	address      = {Alemanha},
	year         = {2021}
}

@manual{minted,
	title        = {The minted package:
Highlighted source code in \LaTeX{}},
	author       = {Geoffrey M. Poore},
	organization = {CTAN - The Comprehensive TeX Archive Network},
	address      = {Alemanha},
	year         = {2017},
	howpublished = {Disponível em \url{http://mirrors.ctan.org/macros/latex/contrib/minted/minted.pdf}}
}

@manual{multirow,
	title        = {The multirow, bigstrut and bigdelim packages},
	author       = {Pieter van Oostrum and Øystein Bache
and
	Jerry Leichter},
	organization = {CTAN - The Comprehensive TeX Archive Network},
	address      = {Alemanha},
	year         = {2021},
	howpublished = {Disponível em \url{http://mirrors.ctan.org/macros/latex/contrib/multirow/multirow.pdf}}
}

@manual{natbib,
	title        = {Natural Sciences Citations and
	References},
	author       = {Patrick W. Daly},
	organization = {CTAN - The Comprehensive TeX Archive Network},
	address      = {Alemanha},
	year         = {2010},
	howpublished = {Disponível em \url{http://mirrors.ctan.org/macros/latex/contrib/natbib/natbib.pdf}}
}

@manual{natbib-refcard,
	title        = {Reference sheet for natbib usage},
	author       = {Patrick W. Daly},
	organization = {CTAN - The Comprehensive TeX Archive Network},
	address      = {Alemanha},
	year         = {2010},
	howpublished = {Disponível em \url{http://mirrors.ctan.org/macros/latex/contrib/natbib/natnotes.pdf}}
}

@manual{natded,
	title        = {A \LaTeX{} Package for Natural Deduction Proofs in the
Jaśkowski and Kalish–Montague Styles},
	author       = {Mohammad M. Ajallooeian and	Francis Jeffry Pelletier},
	organization = {CTAN - The Comprehensive TeX Archive Network},
	address      = {Alemanha},
	year         = {2020},
	howpublished = {Disponível em \url{http://mirrors.ctan.org/macros/latex/contrib/natded/natded.pdf}}
}

@manual{natded-extra,
	title        = {Kalish/Montague and Jaśkowski Natural Deduction},
	author       = {Mohammad M. Ajallooeian and	Francis Jeffry Pelletier},
	organization = {CTAN - The Comprehensive TeX Archive Network},
	address      = {Alemanha},
	year         = {2020},
	howpublished = {Disponível em \url{http://mirrors.ctan.org/macros/latex/contrib/natded/extended_doc.pdf}}
}

@manual{objectz,
	title        = {Printing Z and Object-Z \LaTeX{} documents},
	author       = {Paul King},
	organization = {CTAN - The Comprehensive TeX Archive Network},
	address      = {Alemanha},
	year         = {1990},
	howpublished = {Disponível em \url{http://mirrors.ctan.org/macros/latex/contrib/objectz/ozguide.pdf}}
}

@manual{pgfplots,
	title        = {Manual for Package pgfplots},
	author       = {Christian Feuersänger},
	organization = {CTAN - The Comprehensive TeX Archive Network},
	address      = {Alemanha},
	year         = {2020},
	howpublished = {Disponível em \url{http://mirrors.ctan.org/graphics/pgf/contrib/pgfplots/doc/pgfplots.pdf}}
}

@manual{pdflscape,
	title        = {The pdflscape package},
	author       = {Heiko Oberdiek},
	organization = {CTAN - The Comprehensive TeX Archive Network},
	address      = {Alemanha},
	year         = {2019},
	howpublished = {Disponível em \url{http://mirrors.ctan.org/macros/latex/contrib/pdflscape/pdflscape.pdf}}
}

@manual{qtree,
	title        = {Qtree, a \LaTeX{} tree-drawing package},
	author       = {Jeffrey Mark Siskind and Alexis Dimitriadis},
	organization = {CTAN - The Comprehensive TeX Archive Network},
	address      = {Alemanha},
	year         = {2008},
	howpublished = {Disponível em \url{http://mirrors.ctan.org/macros/latex/contrib/qtree/qtreenotes.pdf}}
}

@manual{sa-tikz,
	title        = {Sa-Ti\textit{k}Z},
	author       = {Claudio Fiandrino},
	organization = {CTAN - The Comprehensive TeX Archive Network},
	address      = {Alemanha},
	year         = {2014},
	howpublished = {Disponível em \url{http://mirrors.ctan.org/graphics/pgf/contrib/sa-tikz/doc/sa-tikz-doc.pdf}}
}

@manual{siunitx,
	title        = {siunitx — A comprehensive (SI) units package},
	author       = {Joseph Wright},
	organization = {CTAN - The Comprehensive TeX Archive Network},
	address      = {Alemanha},
	year         = {2020},
	howpublished = {Disponível em \url{http://mirrors.ctan.org/macros/latex/contrib/siunitx/siunitx.pdf}}
}

@manual{subfig,
	title        = {The Subfig Package},
	author       = {Steven Douglas Cochran},
	organization = {CTAN - The Comprehensive TeX Archive Network},
	address      = {Alemanha},
	year         = {2005},
	howpublished = {Disponível em \url{http://mirrors.ctan.org/macros/latex/contrib/subfig/subfig.pdf}}
}

@manual{tikz,
	title        = {The Ti\textit{k}Z and PGF Packages: Manual for Version 3.1.8b},
	author       = {Till Tantau},
	organization = {CTAN - The Comprehensive TeX Archive Network},
	address      = {Alemanha},
	year         = {2020},
	howpublished = {Disponível em \url{http://mirrors.ctan.org/graphics/pgf/base/doc/pgfmanual.pdf}}
}

@manual{tkz-2d,
	title        = {The Ti\textit{k}Z and PGF Packages: Manual for Version 3.1.8b},
	author       = {Alain Matthes},
	organization = {\TeX{}ample.net},
	address      = {Alemanha},
	year         = {2007},
	howpublished = {Disponível em \url{https://texample.net/tikz/examples/tkz-2d/}}
}

@manual{tikz-3dplot,
	title        = {The tikz-3dplot Package},
	author       = {Jeff Hein},
	organization = {CTAN - The Comprehensive TeX Archive Network},
	address      = {Alemanha},
	year         = {2012},
	howpublished = {Disponível em \url{http://mirrors.ctan.org/graphics/pgf/contrib/tikz-3dplot/tikz-3dplot_documentation.pdf}}
}

@manual{tikz-dependency,
	title        = {The Ti\textit{k}Z-dependency package},
	author       = {Daniele Pighin},
	organization = {CTAN - The Comprehensive TeX Archive Network},
	address      = {Alemanha},
	year         = {2012},
	howpublished = {Disponível em \url{http://mirrors.ctan.org/graphics/pgf/contrib/tikz-dependency/tikz-dependency-doc.pdf}}
}

@manual{tikzintro,
	title        = {A very minimal introduction to TikZ},
	author       = {Jacques Crémer},
	organization = {CTAN - The Comprehensive TeX Archive Network},
	address      = {Alemanha},
	year         = {2011},
	howpublished = {Disponível em \url{http://cremeronline.com/LaTeX/minimaltikz.pdf}}
}


@manual{tikz-network,
	title        = {Ti\textit{k}Z-network
	Manual},
	author       = {Jürgen Hackl},
	organization = {CTAN - The Comprehensive TeX Archive Network},
	address      = {Alemanha},
	year         = {2019},
	howpublished = {Disponível em \url{http://mirrors.ctan.org/graphics/pgf/contrib/tikz-network/tikz-network.pdf}}
}

@manual{tikz-qtree,
	title        = {tikz-qtree: better trees with TikZ},
	author       = {David Chiang},
	organization = {CTAN - The Comprehensive TeX Archive Network},
	address      = {Alemanha},
	year         = {2012},
	howpublished = {Disponível em \url{http://mirrors.ctan.org/graphics/pgf/contrib/tikz-qtree/tikz-qtree-manual.pdf}}
}

@manual{xcolor,
	title        = {Extending L A TEX’s color facilities: the xcolor
package},
	author       = {Uwe Kern},
	organization = {CTAN - The Comprehensive TeX Archive Network},
	address      = {Alemanha},
	year         = {2016},
	howpublished = {Disponível em \url{http://mirrors.ctan.org/macros/latex/contrib/xcolor/xcolor.pdf}}
}

@manual{zed,
	title        = {A guide to the zed style option},
	author       = {Mike Spivey},
	organization = {CTAN - The Comprehensive TeX Archive Network},
	address      = {Alemanha},
	year         = {1990},
	howpublished = {Disponível em \url{http://mirrors.ctan.org/macros/latex/contrib/zed-csp/zed2e.pdf}}
}

